<record><leader>00000cas a22000007a 4500</leader><controlfield tag="001">9553931</controlfield><controlfield tag="008">830527c19739999okuwr ne      0   a0eng d</controlfield><datafield ind1=" " ind2=" " tag="010"><subfield code="a">sn 83009226 </subfield></datafield><datafield ind1=" " ind2=" " tag="040"><subfield code="a">NSD</subfield><subfield code="b">eng</subfield><subfield code="c">NSD</subfield><subfield code="d">OBN</subfield><subfield code="d">OCLCQ</subfield><subfield code="d">OCLCF</subfield><subfield code="d">OCLCO</subfield></datafield><datafield ind1=" " ind2=" " tag="012"><subfield code="m">1</subfield></datafield><datafield ind1="1" ind2=" " tag="022"><subfield code="a">0745-9017</subfield><subfield code="l">0745-9017</subfield><subfield code="2">1</subfield></datafield><datafield ind1="1" ind2=" " tag="029"><subfield code="a">AU@</subfield><subfield code="b">000025816146</subfield></datafield><datafield ind1=" " ind2=" " tag="032"><subfield code="a">114130</subfield><subfield code="b">USPS</subfield></datafield><datafield ind1=" " ind2=" " tag="042"><subfield code="a">nsdp</subfield></datafield><datafield ind1=" " ind2="0" tag="222"><subfield code="a">Lake Eufaula world</subfield></datafield><datafield ind1="0" ind2="0" tag="245"><subfield code="a">Lake Eufaula world.</subfield></datafield><datafield ind1=" " ind2=" " tag="260"><subfield code="a">[Eufaula] McIntosh County, Okla. :</subfield><subfield code="b">M-T Publications</subfield></datafield><datafield ind1=" " ind2=" " tag="310"><subfield code="a">Weekly</subfield></datafield><datafield ind1="0" ind2=" " tag="362"><subfield code="a">Vol. 1, no. 1 (June 7, 1973)-</subfield></datafield><datafield ind1=" " ind2="0" tag="651"><subfield code="a">Eufaula (Okla.)</subfield><subfield code="v">Newspapers.</subfield></datafield><datafield ind1=" " ind2="0" tag="651"><subfield code="a">McIntosh County (Okla.)</subfield><subfield code="v">Newspapers.</subfield></datafield><datafield ind1=" " ind2="7" tag="655"><subfield code="a">Newspapers.</subfield><subfield code="2">fast</subfield><subfield code="0">(OCoLC)fst01423814</subfield></datafield><datafield ind1=" " ind2="7" tag="651"><subfield code="a">Oklahoma</subfield><subfield code="z">Eufaula.</subfield><subfield code="2">fast</subfield><subfield code="0">(OCoLC)fst01224702</subfield></datafield><datafield ind1=" " ind2="7" tag="651"><subfield code="a">Oklahoma</subfield><subfield code="z">McIntosh County.</subfield><subfield code="2">fast</subfield><subfield code="0">(OCoLC)fst01219666</subfield></datafield><datafield ind1=" " ind2=" " tag="752"><subfield code="a">United States</subfield><subfield code="b">Oklahoma</subfield><subfield code="c">McIntosh</subfield><subfield code="d">Eufaula.</subfield></datafield></record>